% Encoding: UTF-8

@Url-mit-autor{musuos,
  author        = {Weh, Tobias},
  title         = {musuos.cls},
  date-added    = {2016-12-12 18:49:09 +0000},
  date-modified = {2016-12-12 18:49:52 +0000},
  keywords      = {Infrastruktur},
}

@Url-mit-autor{biblatex2,
  author        = {Wa{\ss}enhoven, Dominik},
  title         = {Bibliographien erstellen mit biblatex (Teil 2)},
  date-added    = {2016-12-12 18:48:42 +0000},
  date-modified = {2016-12-12 18:48:52 +0000},
  keywords      = {Infrastruktur},
  shorthand     = {biblatex (Teil 2)},
}

@Url-mit-autor{biblatex1,
  author        = {Wa{\ss}enhoven, Dominik},
  title         = {Bibliographien erstellen mit biblatex (Teil 1)},
  date-added    = {2016-12-12 18:47:49 +0000},
  date-modified = {2016-12-12 18:48:35 +0000},
  keywords      = {Infrastruktur},
  shorthand     = {biblatex (Teil 1)},
}

@Url-mit-autor{biblatex-dw,
  author        = {Wa{\ss}enhoven, Dominik},
  title         = {biblatex-dw},
  date-added    = {2016-12-12 18:47:13 +0000},
  date-modified = {2016-12-12 18:47:40 +0000},
  keywords      = {Infrastruktur},
}

@Url-mit-autor{Modifizierung,
  author        = {Sandig, E. Frank},
  title         = {Modifizieren eines biblatex-Stils. Entstehung des Stils iest},
  date-added    = {2016-12-12 18:46:15 +0000},
  date-modified = {2016-12-12 18:47:05 +0000},
  keywords      = {Infrastruktur},
}

@Url-mit-autor{todonotes,
  author        = {Midtiby, Henrik Skov},
  title         = {The todonotes package},
  date-added    = {2016-12-12 18:45:31 +0000},
  date-modified = {2016-12-12 18:46:03 +0000},
  keywords      = {Infrastruktur},
}

@Url-mit-autor{BiblioZit,
  author        = {Lehmann, Philipp},
  title         = {Programmierbares Bibliographieren und Zitieren},
  date-added    = {2016-12-12 18:43:54 +0000},
  date-modified = {2016-12-12 18:45:20 +0000},
  keywords      = {Infrastruktur},
  lastchecked   = {12.12.2016},
  url           = {http://get-software.net/info/translations/biblatex/de/biblatex-de.pdf},
}

@Url-mit-autor{EditorischeAnmerkungen,
  author        = {Kohlhase, Michael},
  title         = {Editorial Notes for \LaTeX},
  date-added    = {2016-12-12 18:41:56 +0000},
  date-modified = {2016-12-12 18:43:41 +0000},
  keywords      = {Infrastruktur},
  lastchecked   = {12.12.2016},
  shorthand     = {Editorial Notes},
  url           = {ftp://ftp.nsu.ru/mirrors/ftp.dante.de/tex-archive/macros/latex/contrib/ed/ed.pdf},
}

@Url-mit-autor{Repository,
  author        = {Ried, Dennis},
  title         = {HfM Karlsruhe IMWI \LaTeX Repository},
  date-added    = {2016-12-12 18:38:41 +0000},
  date-modified = {2016-12-12 18:40:25 +0000},
  keywords      = {Infrastruktur},
  lastchecked   = {12.12.2016},
  shorthand     = {\LaTeX Repository},
  url           = {https://github.com/Baumann-Digital/hfm-ka-imwi-latex},
}

@Book{Buch2,
  title   = {Buch2},
  year    = {2017},
  author  = {Autor2},
  address = {Ort2},
}

@Book{Buch1,
  title   = {Buch1},
  year    = {2017},
  author  = {Autor1},
  address = {Ort1},
}

@Comment{jabref-meta: databaseType:bibtex;}
